<?xml version="1.0" encoding="UTF-8"?><collection xmlns="http://www.loc.gov/MARC21/slim"><record><leader>00596nam--2200193-u-4500</leader><controlfield tag="001">000053372</controlfield><controlfield tag="002">20161230</controlfield><controlfield tag="005">20161230201051</controlfield><controlfield tag="008">110317s1000------------r-----000-0-eng-d</controlfield><datafield ind1=" " ind2=" " tag="020"><subfield code="a">0471115908</subfield></datafield><datafield ind1=" " ind2=" " tag="040"><subfield code="a">IFIN-HH</subfield></datafield><datafield ind1=" " ind2=" " tag="080"><subfield code="a">53:681.3</subfield></datafield><datafield ind1="1" ind2=" " tag="100"><subfield code="a">Landau, Rubin H</subfield></datafield><datafield ind1="1" ind2="0" tag="245"><subfield code="a">Computational physics</subfield><subfield code="b">Problem solving with computers</subfield><subfield code="c">Rubin h. landau; manuel jose paez mejia; contributors hans kowallik; henri jansen</subfield></datafield><datafield ind1=" " ind2=" " tag="260"><subfield code="a">New York</subfield><subfield code="b">John Wiley &amp; Sons, Inc</subfield><subfield code="c">1997</subfield></datafield><datafield ind1=" " ind2=" " tag="300"><subfield code="a">520P</subfield></datafield><datafield ind1="1" ind2=" " tag="700"><subfield code="a">Jansen, Henri</subfield><subfield code="e">Contributor</subfield></datafield><datafield ind1=" " ind2=" " tag="852"><subfield code="a">81449</subfield><subfield code="c">53.02</subfield></datafield><datafield ind1=" " ind2=" " tag="CAT"><subfield code="a">Sys</subfield><subfield code="c">20120326</subfield><subfield code="h">115009</subfield></datafield></record></collection>